2018-07-11 21:55:48 INFO: Wait...
2018-07-11 21:56:11 INFO: Wait...
2018-07-11 21:57:16 INFO: Wait...
2018-07-11 22:00:07 INFO: Wait...
2018-07-11 22:00:07 INFO: 0 0
2018-07-11 22:01:04 INFO: Wait...
2018-07-11 22:01:04 INFO: No Socket
2018-07-11 22:01:04 INFO: 0 0
2018-07-11 22:01:04 INFO: 0 deque([], maxlen=300)
2018-07-11 22:01:04 INFO: No Socket
2018-07-11 22:01:04 INFO: 1 0
2018-07-11 22:01:04 INFO: 1 deque([], maxlen=300)
2018-07-11 22:01:05 INFO: 2 4
2018-07-11 22:01:05 INFO: 2 deque([{'id': 300250113, 'side': 'BUY', 'price': 723620, 'size': 0.2, 'exec_date': '2018-07-11T13:01:05.0430318Z', 'buy_child_order_acceptance_id': 'JRF20180711-130104-559606', 'sell_child_order_acceptance_id': 'JRF20180711-130104-002582'}, {'id': 300250115, 'side': 'BUY', 'price': 723620, 'size': 0.05, 'exec_date': '2018-07-11T13:01:05.1211535Z', 'buy_child_order_acceptance_id': 'JRF20180711-130105-178358', 'sell_child_order_acceptance_id': 'JRF20180711-130104-002582'}, {'id': 300250116, 'side': 'SELL', 'price': 723601, 'size': 0.1, 'exec_date': '2018-07-11T13:01:05.2930254Z', 'buy_child_order_acceptance_id': 'JRF20180711-130104-395116', 'sell_child_order_acceptance_id': 'JRF20180711-130105-990120'}, {'id': 300250117, 'side': 'SELL', 'price': 723600, 'size': 0.4, 'exec_date': '2018-07-11T13:01:05.2930254Z', 'buy_child_order_acceptance_id': 'JRF20180711-130047-306568', 'sell_child_order_acceptance_id': 'JRF20180711-130105-990120'}], maxlen=300)
2018-07-11 22:01:05 INFO: 3 6
2018-07-11 22:01:05 INFO: 3 deque([{'id': 300250113, 'side': 'BUY', 'price': 723620, 'size': 0.2, 'exec_date': '2018-07-11T13:01:05.0430318Z', 'buy_child_order_acceptance_id': 'JRF20180711-130104-559606', 'sell_child_order_acceptance_id': 'JRF20180711-130104-002582'}, {'id': 300250115, 'side': 'BUY', 'price': 723620, 'size': 0.05, 'exec_date': '2018-07-11T13:01:05.1211535Z', 'buy_child_order_acceptance_id': 'JRF20180711-130105-178358', 'sell_child_order_acceptance_id': 'JRF20180711-130104-002582'}, {'id': 300250116, 'side': 'SELL', 'price': 723601, 'size': 0.1, 'exec_date': '2018-07-11T13:01:05.2930254Z', 'buy_child_order_acceptance_id': 'JRF20180711-130104-395116', 'sell_child_order_acceptance_id': 'JRF20180711-130105-990120'}, {'id': 300250117, 'side': 'SELL', 'price': 723600, 'size': 0.4, 'exec_date': '2018-07-11T13:01:05.2930254Z', 'buy_child_order_acceptance_id': 'JRF20180711-130047-306568', 'sell_child_order_acceptance_id': 'JRF20180711-130105-990120'}, {'id': 300250118, 'side': 'BUY', 'price': 723618, 'size': 0.1, 'exec_date': '2018-07-11T13:01:05.5117644Z', 'buy_child_order_acceptance_id': 'JRF20180711-130105-795479', 'sell_child_order_acceptance_id': 'JRF20180711-130105-559607'}, {'id': 300250119, 'side': 'BUY', 'price': 723618, 'size': 0.2, 'exec_date': '2018-07-11T13:01:05.5117644Z', 'buy_child_order_acceptance_id': 'JRF20180711-130105-795479', 'sell_child_order_acceptance_id': 'JRF20180711-130105-462251'}], maxlen=300)
2018-07-11 22:01:06 INFO: 4 9
2018-07-11 22:01:06 INFO: 4 deque([{'id': 300250113, 'side': 'BUY', 'price': 723620, 'size': 0.2, 'exec_date': '2018-07-11T13:01:05.0430318Z', 'buy_child_order_acceptance_id': 'JRF20180711-130104-559606', 'sell_child_order_acceptance_id': 'JRF20180711-130104-002582'}, {'id': 300250115, 'side': 'BUY', 'price': 723620, 'size': 0.05, 'exec_date': '2018-07-11T13:01:05.1211535Z', 'buy_child_order_acceptance_id': 'JRF20180711-130105-178358', 'sell_child_order_acceptance_id': 'JRF20180711-130104-002582'}, {'id': 300250116, 'side': 'SELL', 'price': 723601, 'size': 0.1, 'exec_date': '2018-07-11T13:01:05.2930254Z', 'buy_child_order_acceptance_id': 'JRF20180711-130104-395116', 'sell_child_order_acceptance_id': 'JRF20180711-130105-990120'}, {'id': 300250117, 'side': 'SELL', 'price': 723600, 'size': 0.4, 'exec_date': '2018-07-11T13:01:05.2930254Z', 'buy_child_order_acceptance_id': 'JRF20180711-130047-306568', 'sell_child_order_acceptance_id': 'JRF20180711-130105-990120'}, {'id': 300250118, 'side': 'BUY', 'price': 723618, 'size': 0.1, 'exec_date': '2018-07-11T13:01:05.5117644Z', 'buy_child_order_acceptance_id': 'JRF20180711-130105-795479', 'sell_child_order_acceptance_id': 'JRF20180711-130105-559607'}, {'id': 300250119, 'side': 'BUY', 'price': 723618, 'size': 0.2, 'exec_date': '2018-07-11T13:01:05.5117644Z', 'buy_child_order_acceptance_id': 'JRF20180711-130105-795479', 'sell_child_order_acceptance_id': 'JRF20180711-130105-462251'}, {'id': 300250120, 'side': 'BUY', 'price': 723618, 'size': 0.05, 'exec_date': '2018-07-11T13:01:05.9492461Z', 'buy_child_order_acceptance_id': 'JRF20180711-130105-005858', 'sell_child_order_acceptance_id': 'JRF20180711-130105-462251'}, {'id': 300250121, 'side': 'SELL', 'price': 723611, 'size': 0.02, 'exec_date': '2018-07-11T13:01:06.1054958Z', 'buy_child_order_acceptance_id': 'JRF20180711-130105-846768', 'sell_child_order_acceptance_id': 'JRF20180711-130105-462252'}, {'id': 300250122, 'side': 'BUY', 'price': 723618, 'size': 0.01, 'exec_date': '2018-07-11T13:01:06.15237Z', 'buy_child_order_acceptance_id': 'JRF20180711-130106-178360', 'sell_child_order_acceptance_id': 'JRF20180711-130105-462251'}], maxlen=300)
2018-07-11 22:01:06 INFO: 5 10
2018-07-11 22:01:06 INFO: 5 deque([{'id': 300250113, 'side': 'BUY', 'price': 723620, 'size': 0.2, 'exec_date': '2018-07-11T13:01:05.0430318Z', 'buy_child_order_acceptance_id': 'JRF20180711-130104-559606', 'sell_child_order_acceptance_id': 'JRF20180711-130104-002582'}, {'id': 300250115, 'side': 'BUY', 'price': 723620, 'size': 0.05, 'exec_date': '2018-07-11T13:01:05.1211535Z', 'buy_child_order_acceptance_id': 'JRF20180711-130105-178358', 'sell_child_order_acceptance_id': 'JRF20180711-130104-002582'}, {'id': 300250116, 'side': 'SELL', 'price': 723601, 'size': 0.1, 'exec_date': '2018-07-11T13:01:05.2930254Z', 'buy_child_order_acceptance_id': 'JRF20180711-130104-395116', 'sell_child_order_acceptance_id': 'JRF20180711-130105-990120'}, {'id': 300250117, 'side': 'SELL', 'price': 723600, 'size': 0.4, 'exec_date': '2018-07-11T13:01:05.2930254Z', 'buy_child_order_acceptance_id': 'JRF20180711-130047-306568', 'sell_child_order_acceptance_id': 'JRF20180711-130105-990120'}, {'id': 300250118, 'side': 'BUY', 'price': 723618, 'size': 0.1, 'exec_date': '2018-07-11T13:01:05.5117644Z', 'buy_child_order_acceptance_id': 'JRF20180711-130105-795479', 'sell_child_order_acceptance_id': 'JRF20180711-130105-559607'}, {'id': 300250119, 'side': 'BUY', 'price': 723618, 'size': 0.2, 'exec_date': '2018-07-11T13:01:05.5117644Z', 'buy_child_order_acceptance_id': 'JRF20180711-130105-795479', 'sell_child_order_acceptance_id': 'JRF20180711-130105-462251'}, {'id': 300250120, 'side': 'BUY', 'price': 723618, 'size': 0.05, 'exec_date': '2018-07-11T13:01:05.9492461Z', 'buy_child_order_acceptance_id': 'JRF20180711-130105-005858', 'sell_child_order_acceptance_id': 'JRF20180711-130105-462251'}, {'id': 300250121, 'side': 'SELL', 'price': 723611, 'size': 0.02, 'exec_date': '2018-07-11T13:01:06.1054958Z', 'buy_child_order_acceptance_id': 'JRF20180711-130105-846768', 'sell_child_order_acceptance_id': 'JRF20180711-130105-462252'}, {'id': 300250122, 'side': 'BUY', 'price': 723618, 'size': 0.01, 'exec_date': '2018-07-11T13:01:06.15237Z', 'buy_child_order_acceptance_id': 'JRF20180711-130106-178360', 'sell_child_order_acceptance_id': 'JRF20180711-130105-462251'}, {'id': 300250126, 'side': 'BUY', 'price': 723618, 'size': 0.05, 'exec_date': '2018-07-11T13:01:06.1992385Z', 'buy_child_order_acceptance_id': 'JRF20180711-130106-633547', 'sell_child_order_acceptance_id': 'JRF20180711-130105-462251'}], maxlen=300)
2018-07-11 22:01:07 INFO: 6 28
2018-07-11 22:01:07 INFO: 6 deque([{'id': 300250113, 'side': 'BUY', 'price': 723620, 'size': 0.2, 'exec_date': '2018-07-11T13:01:05.0430318Z', 'buy_child_order_acceptance_id': 'JRF20180711-130104-559606', 'sell_child_order_acceptance_id': 'JRF20180711-130104-002582'}, {'id': 300250115, 'side': 'BUY', 'price': 723620, 'size': 0.05, 'exec_date': '2018-07-11T13:01:05.1211535Z', 'buy_child_order_acceptance_id': 'JRF20180711-130105-178358', 'sell_child_order_acceptance_id': 'JRF20180711-130104-002582'}, {'id': 300250116, 'side': 'SELL', 'price': 723601, 'size': 0.1, 'exec_date': '2018-07-11T13:01:05.2930254Z', 'buy_child_order_acceptance_id': 'JRF20180711-130104-395116', 'sell_child_order_acceptance_id': 'JRF20180711-130105-990120'}, {'id': 300250117, 'side': 'SELL', 'price': 723600, 'size': 0.4, 'exec_date': '2018-07-11T13:01:05.2930254Z', 'buy_child_order_acceptance_id': 'JRF20180711-130047-306568', 'sell_child_order_acceptance_id': 'JRF20180711-130105-990120'}, {'id': 300250118, 'side': 'BUY', 'price': 723618, 'size': 0.1, 'exec_date': '2018-07-11T13:01:05.5117644Z', 'buy_child_order_acceptance_id': 'JRF20180711-130105-795479', 'sell_child_order_acceptance_id': 'JRF20180711-130105-559607'}, {'id': 300250119, 'side': 'BUY', 'price': 723618, 'size': 0.2, 'exec_date': '2018-07-11T13:01:05.5117644Z', 'buy_child_order_acceptance_id': 'JRF20180711-130105-795479', 'sell_child_order_acceptance_id': 'JRF20180711-130105-462251'}, {'id': 300250120, 'side': 'BUY', 'price': 723618, 'size': 0.05, 'exec_date': '2018-07-11T13:01:05.9492461Z', 'buy_child_order_acceptance_id': 'JRF20180711-130105-005858', 'sell_child_order_acceptance_id': 'JRF20180711-130105-462251'}, {'id': 300250121, 'side': 'SELL', 'price': 723611, 'size': 0.02, 'exec_date': '2018-07-11T13:01:06.1054958Z', 'buy_child_order_acceptance_id': 'JRF20180711-130105-846768', 'sell_child_order_acceptance_id': 'JRF20180711-130105-462252'}, {'id': 300250122, 'side': 'BUY', 'price': 723618, 'size': 0.01, 'exec_date': '2018-07-11T13:01:06.15237Z', 'buy_child_order_acceptance_id': 'JRF20180711-130106-178360', 'sell_child_order_acceptance_id': 'JRF20180711-130105-462251'}, {'id': 300250126, 'side': 'BUY', 'price': 723618, 'size': 0.05, 'exec_date': '2018-07-11T13:01:06.1992385Z', 'buy_child_order_acceptance_id': 'JRF20180711-130106-633547', 'sell_child_order_acceptance_id': 'JRF20180711-130105-462251'}, {'id': 0, 'side': 'SELL', 'price': 723611, 'size': 0.215, 'exec_date': '2018-07-11T13:01:06.2929848Z', 'buy_child_order_acceptance_id': 'JRF20180711-130105-846768', 'sell_child_order_acceptance_id': 'JRF20180711-130106-015737'}, {'id': 0, 'side': 'BUY', 'price': 723608, 'size': 0.05, 'exec_date': '2018-07-11T13:01:06.3398589Z', 'buy_child_order_acceptance_id': 'JRF20180711-130106-283887', 'sell_child_order_acceptance_id': 'JRF20180711-130106-113010'}, {'id': 0, 'side': 'BUY', 'price': 723608, 'size': 0.04, 'exec_date': '2018-07-11T13:01:06.3711061Z', 'buy_child_order_acceptance_id': 'JRF20180711-130106-395127', 'sell_child_order_acceptance_id': 'JRF20180711-130106-113010'}, {'id': 0, 'side': 'BUY', 'price': 723608, 'size': 0.11, 'exec_date': '2018-07-11T13:01:06.464852Z', 'buy_child_order_acceptance_id': 'JRF20180711-130106-678127', 'sell_child_order_acceptance_id': 'JRF20180711-130106-113010'}, {'id': 0, 'side': 'BUY', 'price': 723609, 'size': 0.19, 'exec_date': '2018-07-11T13:01:06.464852Z', 'buy_child_order_acceptance_id': 'JRF20180711-130106-678127', 'sell_child_order_acceptance_id': 'JRF20180711-130106-015737'}, {'id': 0, 'side': 'BUY', 'price': 723609, 'size': 0.01, 'exec_date': '2018-07-11T13:01:06.4961023Z', 'buy_child_order_acceptance_id': 'JRF20180711-130106-937316', 'sell_child_order_acceptance_id': 'JRF20180711-130106-015737'}, {'id': 0, 'side': 'BUY', 'price': 723609, 'size': 0.05, 'exec_date': '2018-07-11T13:01:06.5742214Z', 'buy_child_order_acceptance_id': 'JRF20180711-130106-395130', 'sell_child_order_acceptance_id': 'JRF20180711-130106-015737'}, {'id': 0, 'side': 'BUY', 'price': 723609, 'size': 0.535, 'exec_date': '2018-07-11T13:01:06.7617146Z', 'buy_child_order_acceptance_id': 'JRF20180711-130106-937320', 'sell_child_order_acceptance_id': 'JRF20180711-130106-015737'}, {'id': 0, 'side': 'BUY', 'price': 723618, 'size': 0.05, 'exec_date': '2018-07-11T13:01:06.7617146Z', 'buy_child_order_acceptance_id': 'JRF20180711-130106-937321', 'sell_child_order_acceptance_id': 'JRF20180711-130105-462251'}, {'id': 0, 'side': 'BUY', 'price': 723618, 'size': 0.04, 'exec_date': '2018-07-11T13:01:06.7773391Z', 'buy_child_order_acceptance_id': 'JRF20180711-130106-005864', 'sell_child_order_acceptance_id': 'JRF20180711-130105-462251'}, {'id': 0, 'side': 'BUY', 'price': 723620, 'size': 0.02, 'exec_date': '2018-07-11T13:01:06.7773391Z', 'buy_child_order_acceptance_id': 'JRF20180711-130106-005864', 'sell_child_order_acceptance_id': 'JRF20180711-130104-002582'}, {'id': 300250139, 'side': 'BUY', 'price': 723620, 'size': 0.05, 'exec_date': '2018-07-11T13:01:06.8242143Z', 'buy_child_order_acceptance_id': 'JRF20180711-130106-845516', 'sell_child_order_acceptance_id': 'JRF20180711-130104-002582'}, {'id': 300250140, 'side': 'SELL', 'price': 723612, 'size': 0.01, 'exec_date': '2018-07-11T13:01:06.8554611Z', 'buy_child_order_acceptance_id': 'JRF20180711-130106-937320', 'sell_child_order_acceptance_id': 'JRF20180711-130106-005867'}, {'id': 300250141, 'side': 'SELL', 'price': 723612, 'size': 0.1, 'exec_date': '2018-07-11T13:01:06.871086Z', 'buy_child_order_acceptance_id': 'JRF20180711-130106-937320', 'sell_child_order_acceptance_id': 'JRF20180711-130106-123263'}, {'id': 300250142, 'side': 'BUY', 'price': 723620, 'size': 0.05, 'exec_date': '2018-07-11T13:01:07.0429556Z', 'buy_child_order_acceptance_id': 'JRF20180711-130106-633555', 'sell_child_order_acceptance_id': 'JRF20180711-130104-002582'}, {'id': 300250143, 'side': 'BUY', 'price': 723620, 'size': 0.05, 'exec_date': '2018-07-11T13:01:07.1210771Z', 'buy_child_order_acceptance_id': 'JRF20180711-130106-633558', 'sell_child_order_acceptance_id': 'JRF20180711-130104-002582'}, {'id': 300250144, 'side': 'BUY', 'price': 723620, 'size': 0.05, 'exec_date': '2018-07-11T13:01:07.2304485Z', 'buy_child_order_acceptance_id': 'JRF20180711-130107-283897', 'sell_child_order_acceptance_id': 'JRF20180711-130104-002582'}, {'id': 300250145, 'side': 'BUY', 'price': 723618, 'size': 0.02, 'exec_date': '2018-07-11T13:01:07.3866925Z', 'buy_child_order_acceptance_id': 'JRF20180711-130107-758802', 'sell_child_order_acceptance_id': 'JRF20180711-130107-758801'}], maxlen=300)
2018-07-11 22:01:07 INFO: 7 48
2018-07-11 22:01:07 INFO: 7 deque([{'id': 300250113, 'side': 'BUY', 'price': 723620, 'size': 0.2, 'exec_date': '2018-07-11T13:01:05.0430318Z', 'buy_child_order_acceptance_id': 'JRF20180711-130104-559606', 'sell_child_order_acceptance_id': 'JRF20180711-130104-002582'}, {'id': 300250115, 'side': 'BUY', 'price': 723620, 'size': 0.05, 'exec_date': '2018-07-11T13:01:05.1211535Z', 'buy_child_order_acceptance_id': 'JRF20180711-130105-178358', 'sell_child_order_acceptance_id': 'JRF20180711-130104-002582'}, {'id': 300250116, 'side': 'SELL', 'price': 723601, 'size': 0.1, 'exec_date': '2018-07-11T13:01:05.2930254Z', 'buy_child_order_acceptance_id': 'JRF20180711-130104-395116', 'sell_child_order_acceptance_id': 'JRF20180711-130105-990120'}, {'id': 300250117, 'side': 'SELL', 'price': 723600, 'size': 0.4, 'exec_date': '2018-07-11T13:01:05.2930254Z', 'buy_child_order_acceptance_id': 'JRF20180711-130047-306568', 'sell_child_order_acceptance_id': 'JRF20180711-130105-990120'}, {'id': 300250118, 'side': 'BUY', 'price': 723618, 'size': 0.1, 'exec_date': '2018-07-11T13:01:05.5117644Z', 'buy_child_order_acceptance_id': 'JRF20180711-130105-795479', 'sell_child_order_acceptance_id': 'JRF20180711-130105-559607'}, {'id': 300250119, 'side': 'BUY', 'price': 723618, 'size': 0.2, 'exec_date': '2018-07-11T13:01:05.5117644Z', 'buy_child_order_acceptance_id': 'JRF20180711-130105-795479', 'sell_child_order_acceptance_id': 'JRF20180711-130105-462251'}, {'id': 300250120, 'side': 'BUY', 'price': 723618, 'size': 0.05, 'exec_date': '2018-07-11T13:01:05.9492461Z', 'buy_child_order_acceptance_id': 'JRF20180711-130105-005858', 'sell_child_order_acceptance_id': 'JRF20180711-130105-462251'}, {'id': 300250121, 'side': 'SELL', 'price': 723611, 'size': 0.02, 'exec_date': '2018-07-11T13:01:06.1054958Z', 'buy_child_order_acceptance_id': 'JRF20180711-130105-846768', 'sell_child_order_acceptance_id': 'JRF20180711-130105-462252'}, {'id': 300250122, 'side': 'BUY', 'price': 723618, 'size': 0.01, 'exec_date': '2018-07-11T13:01:06.15237Z', 'buy_child_order_acceptance_id': 'JRF20180711-130106-178360', 'sell_child_order_acceptance_id': 'JRF20180711-130105-462251'}, {'id': 300250126, 'side': 'BUY', 'price': 723618, 'size': 0.05, 'exec_date': '2018-07-11T13:01:06.1992385Z', 'buy_child_order_acceptance_id': 'JRF20180711-130106-633547', 'sell_child_order_acceptance_id': 'JRF20180711-130105-462251'}, {'id': 0, 'side': 'SELL', 'price': 723611, 'size': 0.215, 'exec_date': '2018-07-11T13:01:06.2929848Z', 'buy_child_order_acceptance_id': 'JRF20180711-130105-846768', 'sell_child_order_acceptance_id': 'JRF20180711-130106-015737'}, {'id': 0, 'side': 'BUY', 'price': 723608, 'size': 0.05, 'exec_date': '2018-07-11T13:01:06.3398589Z', 'buy_child_order_acceptance_id': 'JRF20180711-130106-283887', 'sell_child_order_acceptance_id': 'JRF20180711-130106-113010'}, {'id': 0, 'side': 'BUY', 'price': 723608, 'size': 0.04, 'exec_date': '2018-07-11T13:01:06.3711061Z', 'buy_child_order_acceptance_id': 'JRF20180711-130106-395127', 'sell_child_order_acceptance_id': 'JRF20180711-130106-113010'}, {'id': 0, 'side': 'BUY', 'price': 723608, 'size': 0.11, 'exec_date': '2018-07-11T13:01:06.464852Z', 'buy_child_order_acceptance_id': 'JRF20180711-130106-678127', 'sell_child_order_acceptance_id': 'JRF20180711-130106-113010'}, {'id': 0, 'side': 'BUY', 'price': 723609, 'size': 0.19, 'exec_date': '2018-07-11T13:01:06.464852Z', 'buy_child_order_acceptance_id': 'JRF20180711-130106-678127', 'sell_child_order_acceptance_id': 'JRF20180711-130106-015737'}, {'id': 0, 'side': 'BUY', 'price': 723609, 'size': 0.01, 'exec_date': '2018-07-11T13:01:06.4961023Z', 'buy_child_order_acceptance_id': 'JRF20180711-130106-937316', 'sell_child_order_acceptance_id': 'JRF20180711-130106-015737'}, {'id': 0, 'side': 'BUY', 'price': 723609, 'size': 0.05, 'exec_date': '2018-07-11T13:01:06.5742214Z', 'buy_child_order_acceptance_id': 'JRF20180711-130106-395130', 'sell_child_order_acceptance_id': 'JRF20180711-130106-015737'}, {'id': 0, 'side': 'BUY', 'price': 723609, 'size': 0.535, 'exec_date': '2018-07-11T13:01:06.7617146Z', 'buy_child_order_acceptance_id': 'JRF20180711-130106-937320', 'sell_child_order_acceptance_id': 'JRF20180711-130106-015737'}, {'id': 0, 'side': 'BUY', 'price': 723618, 'size': 0.05, 'exec_date': '2018-07-11T13:01:06.7617146Z', 'buy_child_order_acceptance_id': 'JRF20180711-130106-937321', 'sell_child_order_acceptance_id': 'JRF20180711-130105-462251'}, {'id': 0, 'side': 'BUY', 'price': 723618, 'size': 0.04, 'exec_date': '2018-07-11T13:01:06.7773391Z', 'buy_child_order_acceptance_id': 'JRF20180711-130106-005864', 'sell_child_order_acceptance_id': 'JRF20180711-130105-462251'}, {'id': 0, 'side': 'BUY', 'price': 723620, 'size': 0.02, 'exec_date': '2018-07-11T13:01:06.7773391Z', 'buy_child_order_acceptance_id': 'JRF20180711-130106-005864', 'sell_child_order_acceptance_id': 'JRF20180711-130104-002582'}, {'id': 300250139, 'side': 'BUY', 'price': 723620, 'size': 0.05, 'exec_date': '2018-07-11T13:01:06.8242143Z', 'buy_child_order_acceptance_id': 'JRF20180711-130106-845516', 'sell_child_order_acceptance_id': 'JRF20180711-130104-002582'}, {'id': 300250140, 'side': 'SELL', 'price': 723612, 'size': 0.01, 'exec_date': '2018-07-11T13:01:06.8554611Z', 'buy_child_order_acceptance_id': 'JRF20180711-130106-937320', 'sell_child_order_acceptance_id': 'JRF20180711-130106-005867'}, {'id': 300250141, 'side': 'SELL', 'price': 723612, 'size': 0.1, 'exec_date': '2018-07-11T13:01:06.871086Z', 'buy_child_order_acceptance_id': 'JRF20180711-130106-937320', 'sell_child_order_acceptance_id': 'JRF20180711-130106-123263'}, {'id': 300250142, 'side': 'BUY', 'price': 723620, 'size': 0.05, 'exec_date': '2018-07-11T13:01:07.0429556Z', 'buy_child_order_acceptance_id': 'JRF20180711-130106-633555', 'sell_child_order_acceptance_id': 'JRF20180711-130104-002582'}, {'id': 300250143, 'side': 'BUY', 'price': 723620, 'size': 0.05, 'exec_date': '2018-07-11T13:01:07.1210771Z', 'buy_child_order_acceptance_id': 'JRF20180711-130106-633558', 'sell_child_order_acceptance_id': 'JRF20180711-130104-002582'}, {'id': 300250144, 'side': 'BUY', 'price': 723620, 'size': 0.05, 'exec_date': '2018-07-11T13:01:07.2304485Z', 'buy_child_order_acceptance_id': 'JRF20180711-130107-283897', 'sell_child_order_acceptance_id': 'JRF20180711-130104-002582'}, {'id': 300250145, 'side': 'BUY', 'price': 723618, 'size': 0.02, 'exec_date': '2018-07-11T13:01:07.3866925Z', 'buy_child_order_acceptance_id': 'JRF20180711-130107-758802', 'sell_child_order_acceptance_id': 'JRF20180711-130107-758801'}, {'id': 0, 'side': 'BUY', 'price': 723618, 'size': 0.02, 'exec_date': '2018-07-11T13:01:07.4804384Z', 'buy_child_order_acceptance_id': 'JRF20180711-130107-207214', 'sell_child_order_acceptance_id': 'JRF20180711-130107-758801'}, {'id': 0, 'side': 'BUY', 'price': 723620, 'size': 1.665, 'exec_date': '2018-07-11T13:01:07.4804384Z', 'buy_child_order_acceptance_id': 'JRF20180711-130107-207214', 'sell_child_order_acceptance_id': 'JRF20180711-130104-002582'}, {'id': 0, 'side': 'BUY', 'price': 723640, 'size': 0.235, 'exec_date': '2018-07-11T13:01:07.4804384Z', 'buy_child_order_acceptance_id': 'JRF20180711-130107-207214', 'sell_child_order_acceptance_id': 'JRF20180711-130104-846758'}, {'id': 0, 'side': 'BUY', 'price': 723684, 'size': 0.12, 'exec_date': '2018-07-11T13:01:07.4804384Z', 'buy_child_order_acceptance_id': 'JRF20180711-130107-207214', 'sell_child_order_acceptance_id': 'JRF20180711-130104-678122'}, {'id': 0, 'side': 'BUY', 'price': 723686, 'size': 0.08, 'exec_date': '2018-07-11T13:01:07.4804384Z', 'buy_child_order_acceptance_id': 'JRF20180711-130107-207214', 'sell_child_order_acceptance_id': 'JRF20180711-130103-559595'}, {'id': 0, 'side': 'BUY', 'price': 723691, 'size': 0.52, 'exec_date': '2018-07-11T13:01:07.4804384Z', 'buy_child_order_acceptance_id': 'JRF20180711-130107-207214', 'sell_child_order_acceptance_id': 'JRF20180711-130104-990118'}, {'id': 0, 'side': 'BUY', 'price': 723694, 'size': 0.08, 'exec_date': '2018-07-11T13:01:07.4804384Z', 'buy_child_order_acceptance_id': 'JRF20180711-130107-207214', 'sell_child_order_acceptance_id': 'JRF20180711-130104-462250'}, {'id': 0, 'side': 'BUY', 'price': 723694, 'size': 0.01, 'exec_date': '2018-07-11T13:01:07.4804384Z', 'buy_child_order_acceptance_id': 'JRF20180711-130107-207214', 'sell_child_order_acceptance_id': 'JRF20180711-130104-374574'}, {'id': 0, 'side': 'BUY', 'price': 723695, 'size': 0.47805357, 'exec_date': '2018-07-11T13:01:07.4804384Z', 'buy_child_order_acceptance_id': 'JRF20180711-130107-207214', 'sell_child_order_acceptance_id': 'JRF20180711-130057-306612'}, {'id': 0, 'side': 'BUY', 'price': 723696, 'size': 0.01, 'exec_date': '2018-07-11T13:01:07.4804384Z', 'buy_child_order_acceptance_id': 'JRF20180711-130107-207214', 'sell_child_order_acceptance_id': 'JRF20180711-125733-328424'}, {'id': 0, 'side': 'BUY', 'price': 723696, 'size': 0.01, 'exec_date': '2018-07-11T13:01:07.4804384Z', 'buy_child_order_acceptance_id': 'JRF20180711-130107-207214', 'sell_child_order_acceptance_id': 'JRF20180711-125732-328159'}, {'id': 0, 'side': 'BUY', 'price': 723697, 'size': 0.5, 'exec_date': '2018-07-11T13:01:07.4804384Z', 'buy_child_order_acceptance_id': 'JRF20180711-130107-207214', 'sell_child_order_acceptance_id': 'JRF20180711-130100-846722'}, {'id': 0, 'side': 'BUY', 'price': 723699, 'size': 0.1, 'exec_date': '2018-07-11T13:01:07.4960631Z', 'buy_child_order_acceptance_id': 'JRF20180711-130107-207214', 'sell_child_order_acceptance_id': 'JRF20180711-130059-990114'}, {'id': 0, 'side': 'BUY', 'price': 723700, 'size': 0.035, 'exec_date': '2018-07-11T13:01:07.4960631Z', 'buy_child_order_acceptance_id': 'JRF20180711-130107-207214', 'sell_child_order_acceptance_id': 'JRF20180711-125756-333416'}, {'id': 0, 'side': 'BUY', 'price': 723700, 'size': 0.9, 'exec_date': '2018-07-11T13:01:07.4960631Z', 'buy_child_order_acceptance_id': 'JRF20180711-130107-207214', 'sell_child_order_acceptance_id': 'JRF20180711-130105-678124'}, {'id': 0, 'side': 'BUY', 'price': 723705, 'size': 0.016, 'exec_date': '2018-07-11T13:01:07.4960631Z', 'buy_child_order_acceptance_id': 'JRF20180711-130107-207214', 'sell_child_order_acceptance_id': 'JRF20180711-125758-334002'}, {'id': 0, 'side': 'BUY', 'price': 723707, 'size': 0.01, 'exec_date': '2018-07-11T13:01:07.4960631Z', 'buy_child_order_acceptance_id': 'JRF20180711-130107-207214', 'sell_child_order_acceptance_id': 'JRF20180711-130100-373921'}, {'id': 0, 'side': 'BUY', 'price': 723710, 'size': 0.08, 'exec_date': '2018-07-11T13:01:07.4960631Z', 'buy_child_order_acceptance_id': 'JRF20180711-130107-207214', 'sell_child_order_acceptance_id': 'JRF20180711-130055-462220'}, {'id': 0, 'side': 'BUY', 'price': 723711, 'size': 0.13094643, 'exec_date': '2018-07-11T13:01:07.4960631Z', 'buy_child_order_acceptance_id': 'JRF20180711-130107-207214', 'sell_child_order_acceptance_id': 'JRF20180711-130059-178353'}, {'id': 300250165, 'side': 'SELL', 'price': 723660, 'size': 0.0222, 'exec_date': '2018-07-11T13:01:07.9022966Z', 'buy_child_order_acceptance_id': 'JRF20180711-130107-395136', 'sell_child_order_acceptance_id': 'JRF20180711-130107-499712'}], maxlen=300)
2018-07-11 22:01:08 INFO: 8 55
2018-07-11 22:01:08 INFO: 8 deque([{'id': 300250113, 'side': 'BUY', 'price': 723620, 'size': 0.2, 'exec_date': '2018-07-11T13:01:05.0430318Z', 'buy_child_order_acceptance_id': 'JRF20180711-130104-559606', 'sell_child_order_acceptance_id': 'JRF20180711-130104-002582'}, {'id': 300250115, 'side': 'BUY', 'price': 723620, 'size': 0.05, 'exec_date': '2018-07-11T13:01:05.1211535Z', 'buy_child_order_acceptance_id': 'JRF20180711-130105-178358', 'sell_child_order_acceptance_id': 'JRF20180711-130104-002582'}, {'id': 300250116, 'side': 'SELL', 'price': 723601, 'size': 0.1, 'exec_date': '2018-07-11T13:01:05.2930254Z', 'buy_child_order_acceptance_id': 'JRF20180711-130104-395116', 'sell_child_order_acceptance_id': 'JRF20180711-130105-990120'}, {'id': 300250117, 'side': 'SELL', 'price': 723600, 'size': 0.4, 'exec_date': '2018-07-11T13:01:05.2930254Z', 'buy_child_order_acceptance_id': 'JRF20180711-130047-306568', 'sell_child_order_acceptance_id': 'JRF20180711-130105-990120'}, {'id': 300250118, 'side': 'BUY', 'price': 723618, 'size': 0.1, 'exec_date': '2018-07-11T13:01:05.5117644Z', 'buy_child_order_acceptance_id': 'JRF20180711-130105-795479', 'sell_child_order_acceptance_id': 'JRF20180711-130105-559607'}, {'id': 300250119, 'side': 'BUY', 'price': 723618, 'size': 0.2, 'exec_date': '2018-07-11T13:01:05.5117644Z', 'buy_child_order_acceptance_id': 'JRF20180711-130105-795479', 'sell_child_order_acceptance_id': 'JRF20180711-130105-462251'}, {'id': 300250120, 'side': 'BUY', 'price': 723618, 'size': 0.05, 'exec_date': '2018-07-11T13:01:05.9492461Z', 'buy_child_order_acceptance_id': 'JRF20180711-130105-005858', 'sell_child_order_acceptance_id': 'JRF20180711-130105-462251'}, {'id': 300250121, 'side': 'SELL', 'price': 723611, 'size': 0.02, 'exec_date': '2018-07-11T13:01:06.1054958Z', 'buy_child_order_acceptance_id': 'JRF20180711-130105-846768', 'sell_child_order_acceptance_id': 'JRF20180711-130105-462252'}, {'id': 300250122, 'side': 'BUY', 'price': 723618, 'size': 0.01, 'exec_date': '2018-07-11T13:01:06.15237Z', 'buy_child_order_acceptance_id': 'JRF20180711-130106-178360', 'sell_child_order_acceptance_id': 'JRF20180711-130105-462251'}, {'id': 300250126, 'side': 'BUY', 'price': 723618, 'size': 0.05, 'exec_date': '2018-07-11T13:01:06.1992385Z', 'buy_child_order_acceptance_id': 'JRF20180711-130106-633547', 'sell_child_order_acceptance_id': 'JRF20180711-130105-462251'}, {'id': 0, 'side': 'SELL', 'price': 723611, 'size': 0.215, 'exec_date': '2018-07-11T13:01:06.2929848Z', 'buy_child_order_acceptance_id': 'JRF20180711-130105-846768', 'sell_child_order_acceptance_id': 'JRF20180711-130106-015737'}, {'id': 0, 'side': 'BUY', 'price': 723608, 'size': 0.05, 'exec_date': '2018-07-11T13:01:06.3398589Z', 'buy_child_order_acceptance_id': 'JRF20180711-130106-283887', 'sell_child_order_acceptance_id': 'JRF20180711-130106-113010'}, {'id': 0, 'side': 'BUY', 'price': 723608, 'size': 0.04, 'exec_date': '2018-07-11T13:01:06.3711061Z', 'buy_child_order_acceptance_id': 'JRF20180711-130106-395127', 'sell_child_order_acceptance_id': 'JRF20180711-130106-113010'}, {'id': 0, 'side': 'BUY', 'price': 723608, 'size': 0.11, 'exec_date': '2018-07-11T13:01:06.464852Z', 'buy_child_order_acceptance_id': 'JRF20180711-130106-678127', 'sell_child_order_acceptance_id': 'JRF20180711-130106-113010'}, {'id': 0, 'side': 'BUY', 'price': 723609, 'size': 0.19, 'exec_date': '2018-07-11T13:01:06.464852Z', 'buy_child_order_acceptance_id': 'JRF20180711-130106-678127', 'sell_child_order_acceptance_id': 'JRF20180711-130106-015737'}, {'id': 0, 'side': 'BUY', 'price': 723609, 'size': 0.01, 'exec_date': '2018-07-11T13:01:06.4961023Z', 'buy_child_order_acceptance_id': 'JRF20180711-130106-937316', 'sell_child_order_acceptance_id': 'JRF20180711-130106-015737'}, {'id': 0, 'side': 'BUY', 'price': 723609, 'size': 0.05, 'exec_date': '2018-07-11T13:01:06.5742214Z', 'buy_child_order_acceptance_id': 'JRF20180711-130106-395130', 'sell_child_order_acceptance_id': 'JRF20180711-130106-015737'}, {'id': 0, 'side': 'BUY', 'price': 723609, 'size': 0.535, 'exec_date': '2018-07-11T13:01:06.7617146Z', 'buy_child_order_acceptance_id': 'JRF20180711-130106-937320', 'sell_child_order_acceptance_id': 'JRF20180711-130106-015737'}, {'id': 0, 'side': 'BUY', 'price': 723618, 'size': 0.05, 'exec_date': '2018-07-11T13:01:06.7617146Z', 'buy_child_order_acceptance_id': 'JRF20180711-130106-937321', 'sell_child_order_acceptance_id': 'JRF20180711-130105-462251'}, {'id': 0, 'side': 'BUY', 'price': 723618, 'size': 0.04, 'exec_date': '2018-07-11T13:01:06.7773391Z', 'buy_child_order_acceptance_id': 'JRF20180711-130106-005864', 'sell_child_order_acceptance_id': 'JRF20180711-130105-462251'}, {'id': 0, 'side': 'BUY', 'price': 723620, 'size': 0.02, 'exec_date': '2018-07-11T13:01:06.7773391Z', 'buy_child_order_acceptance_id': 'JRF20180711-130106-005864', 'sell_child_order_acceptance_id': 'JRF20180711-130104-002582'}, {'id': 300250139, 'side': 'BUY', 'price': 723620, 'size': 0.05, 'exec_date': '2018-07-11T13:01:06.8242143Z', 'buy_child_order_acceptance_id': 'JRF20180711-130106-845516', 'sell_child_order_acceptance_id': 'JRF20180711-130104-002582'}, {'id': 300250140, 'side': 'SELL', 'price': 723612, 'size': 0.01, 'exec_date': '2018-07-11T13:01:06.8554611Z', 'buy_child_order_acceptance_id': 'JRF20180711-130106-937320', 'sell_child_order_acceptance_id': 'JRF20180711-130106-005867'}, {'id': 300250141, 'side': 'SELL', 'price': 723612, 'size': 0.1, 'exec_date': '2018-07-11T13:01:06.871086Z', 'buy_child_order_acceptance_id': 'JRF20180711-130106-937320', 'sell_child_order_acceptance_id': 'JRF20180711-130106-123263'}, {'id': 300250142, 'side': 'BUY', 'price': 723620, 'size': 0.05, 'exec_date': '2018-07-11T13:01:07.0429556Z', 'buy_child_order_acceptance_id': 'JRF20180711-130106-633555', 'sell_child_order_acceptance_id': 'JRF20180711-130104-002582'}, {'id': 300250143, 'side': 'BUY', 'price': 723620, 'size': 0.05, 'exec_date': '2018-07-11T13:01:07.1210771Z', 'buy_child_order_acceptance_id': 'JRF20180711-130106-633558', 'sell_child_order_acceptance_id': 'JRF20180711-130104-002582'}, {'id': 300250144, 'side': 'BUY', 'price': 723620, 'size': 0.05, 'exec_date': '2018-07-11T13:01:07.2304485Z', 'buy_child_order_acceptance_id': 'JRF20180711-130107-283897', 'sell_child_order_acceptance_id': 'JRF20180711-130104-002582'}, {'id': 300250145, 'side': 'BUY', 'price': 723618, 'size': 0.02, 'exec_date': '2018-07-11T13:01:07.3866925Z', 'buy_child_order_acceptance_id': 'JRF20180711-130107-758802', 'sell_child_order_acceptance_id': 'JRF20180711-130107-758801'}, {'id': 0, 'side': 'BUY', 'price': 723618, 'size': 0.02, 'exec_date': '2018-07-11T13:01:07.4804384Z', 'buy_child_order_acceptance_id': 'JRF20180711-130107-207214', 'sell_child_order_acceptance_id': 'JRF20180711-130107-758801'}, {'id': 0, 'side': 'BUY', 'price': 723620, 'size': 1.665, 'exec_date': '2018-07-11T13:01:07.4804384Z', 'buy_child_order_acceptance_id': 'JRF20180711-130107-207214', 'sell_child_order_acceptance_id': 'JRF20180711-130104-002582'}, {'id': 0, 'side': 'BUY', 'price': 723640, 'size': 0.235, 'exec_date': '2018-07-11T13:01:07.4804384Z', 'buy_child_order_acceptance_id': 'JRF20180711-130107-207214', 'sell_child_order_acceptance_id': 'JRF20180711-130104-846758'}, {'id': 0, 'side': 'BUY', 'price': 723684, 'size': 0.12, 'exec_date': '2018-07-11T13:01:07.4804384Z', 'buy_child_order_acceptance_id': 'JRF20180711-130107-207214', 'sell_child_order_acceptance_id': 'JRF20180711-130104-678122'}, {'id': 0, 'side': 'BUY', 'price': 723686, 'size': 0.08, 'exec_date': '2018-07-11T13:01:07.4804384Z', 'buy_child_order_acceptance_id': 'JRF20180711-130107-207214', 'sell_child_order_acceptance_id': 'JRF20180711-130103-559595'}, {'id': 0, 'side': 'BUY', 'price': 723691, 'size': 0.52, 'exec_date': '2018-07-11T13:01:07.4804384Z', 'buy_child_order_acceptance_id': 'JRF20180711-130107-207214', 'sell_child_order_acceptance_id': 'JRF20180711-130104-990118'}, {'id': 0, 'side': 'BUY', 'price': 723694, 'size': 0.08, 'exec_date': '2018-07-11T13:01:07.4804384Z', 'buy_child_order_acceptance_id': 'JRF20180711-130107-207214', 'sell_child_order_acceptance_id': 'JRF20180711-130104-462250'}, {'id': 0, 'side': 'BUY', 'price': 723694, 'size': 0.01, 'exec_date': '2018-07-11T13:01:07.4804384Z', 'buy_child_order_acceptance_id': 'JRF20180711-130107-207214', 'sell_child_order_acceptance_id': 'JRF20180711-130104-374574'}, {'id': 0, 'side': 'BUY', 'price': 723695, 'size': 0.47805357, 'exec_date': '2018-07-11T13:01:07.4804384Z', 'buy_child_order_acceptance_id': 'JRF20180711-130107-207214', 'sell_child_order_acceptance_id': 'JRF20180711-130057-306612'}, {'id': 0, 'side': 'BUY', 'price': 723696, 'size': 0.01, 'exec_date': '2018-07-11T13:01:07.4804384Z', 'buy_child_order_acceptance_id': 'JRF20180711-130107-207214', 'sell_child_order_acceptance_id': 'JRF20180711-125733-328424'}, {'id': 0, 'side': 'BUY', 'price': 723696, 'size': 0.01, 'exec_date': '2018-07-11T13:01:07.4804384Z', 'buy_child_order_acceptance_id': 'JRF20180711-130107-207214', 'sell_child_order_acceptance_id': 'JRF20180711-125732-328159'}, {'id': 0, 'side': 'BUY', 'price': 723697, 'size': 0.5, 'exec_date': '2018-07-11T13:01:07.4804384Z', 'buy_child_order_acceptance_id': 'JRF20180711-130107-207214', 'sell_child_order_acceptance_id': 'JRF20180711-130100-846722'}, {'id': 0, 'side': 'BUY', 'price': 723699, 'size': 0.1, 'exec_date': '2018-07-11T13:01:07.4960631Z', 'buy_child_order_acceptance_id': 'JRF20180711-130107-207214', 'sell_child_order_acceptance_id': 'JRF20180711-130059-990114'}, {'id': 0, 'side': 'BUY', 'price': 723700, 'size': 0.035, 'exec_date': '2018-07-11T13:01:07.4960631Z', 'buy_child_order_acceptance_id': 'JRF20180711-130107-207214', 'sell_child_order_acceptance_id': 'JRF20180711-125756-333416'}, {'id': 0, 'side': 'BUY', 'price': 723700, 'size': 0.9, 'exec_date': '2018-07-11T13:01:07.4960631Z', 'buy_child_order_acceptance_id': 'JRF20180711-130107-207214', 'sell_child_order_acceptance_id': 'JRF20180711-130105-678124'}, {'id': 0, 'side': 'BUY', 'price': 723705, 'size': 0.016, 'exec_date': '2018-07-11T13:01:07.4960631Z', 'buy_child_order_acceptance_id': 'JRF20180711-130107-207214', 'sell_child_order_acceptance_id': 'JRF20180711-125758-334002'}, {'id': 0, 'side': 'BUY', 'price': 723707, 'size': 0.01, 'exec_date': '2018-07-11T13:01:07.4960631Z', 'buy_child_order_acceptance_id': 'JRF20180711-130107-207214', 'sell_child_order_acceptance_id': 'JRF20180711-130100-373921'}, {'id': 0, 'side': 'BUY', 'price': 723710, 'size': 0.08, 'exec_date': '2018-07-11T13:01:07.4960631Z', 'buy_child_order_acceptance_id': 'JRF20180711-130107-207214', 'sell_child_order_acceptance_id': 'JRF20180711-130055-462220'}, {'id': 0, 'side': 'BUY', 'price': 723711, 'size': 0.13094643, 'exec_date': '2018-07-11T13:01:07.4960631Z', 'buy_child_order_acceptance_id': 'JRF20180711-130107-207214', 'sell_child_order_acceptance_id': 'JRF20180711-130059-178353'}, {'id': 300250165, 'side': 'SELL', 'price': 723660, 'size': 0.0222, 'exec_date': '2018-07-11T13:01:07.9022966Z', 'buy_child_order_acceptance_id': 'JRF20180711-130107-395136', 'sell_child_order_acceptance_id': 'JRF20180711-130107-499712'}, {'id': 300250166, 'side': 'SELL', 'price': 723660, 'size': 0.00228522, 'exec_date': '2018-07-11T13:01:07.9960436Z', 'buy_child_order_acceptance_id': 'JRF20180711-130107-395136', 'sell_child_order_acceptance_id': 'JRF20180711-130107-015739'}, {'id': 300250167, 'side': 'SELL', 'price': 723660, 'size': 0.05, 'exec_date': '2018-07-11T13:01:07.9960436Z', 'buy_child_order_acceptance_id': 'JRF20180711-130107-845523', 'sell_child_order_acceptance_id': 'JRF20180711-130107-015739'}, {'id': 300250168, 'side': 'SELL', 'price': 723660, 'size': 0.05, 'exec_date': '2018-07-11T13:01:07.9960436Z', 'buy_child_order_acceptance_id': 'JRF20180711-130107-028916', 'sell_child_order_acceptance_id': 'JRF20180711-130107-015739'}, {'id': 300250169, 'side': 'SELL', 'price': 723615, 'size': 0.09771478, 'exec_date': '2018-07-11T13:01:07.9960436Z', 'buy_child_order_acceptance_id': 'JRF20180711-130107-845521', 'sell_child_order_acceptance_id': 'JRF20180711-130107-015739'}, {'id': 300250170, 'side': 'BUY', 'price': 723651, 'size': 0.01, 'exec_date': '2018-07-11T13:01:08.0741644Z', 'buy_child_order_acceptance_id': 'JRF20180711-130100-373937', 'sell_child_order_acceptance_id': 'JRF20180711-130107-306648'}, {'id': 300250171, 'side': 'SELL', 'price': 723624, 'size': 0.065, 'exec_date': '2018-07-11T13:01:08.1054164Z', 'buy_child_order_acceptance_id': 'JRF20180711-130107-462259', 'sell_child_order_acceptance_id': 'JRF20180711-130107-178362'}, {'id': 300250173, 'side': 'BUY', 'price': 723651, 'size': 0.02, 'exec_date': '2018-07-11T13:01:08.2616595Z', 'buy_child_order_acceptance_id': 'JRF20180711-130108-581571', 'sell_child_order_acceptance_id': 'JRF20180711-130107-306648'}], maxlen=300)
2018-07-11 22:01:34 INFO: Wait...
2018-07-11 22:01:34 INFO: No Socket
2018-07-11 22:01:34 INFO: 0 0
2018-07-11 22:03:03 INFO: Wait...
2018-07-11 22:03:03 INFO: No Socket
2018-07-11 22:03:03 INFO: No Socket
2018-07-11 22:03:03 INFO: No Socket
2018-07-11 22:03:03 INFO: No Socket
2018-07-11 22:03:03 INFO: No Socket
2018-07-11 22:03:03 INFO: No Socket
2018-07-11 22:03:03 INFO: No Socket
2018-07-11 22:03:03 INFO: No Socket
2018-07-11 22:03:03 INFO: No Socket
2018-07-11 22:03:03 INFO: No Socket
2018-07-11 22:03:03 INFO: No Socket
2018-07-11 22:03:03 INFO: No Socket
2018-07-11 22:03:03 INFO: No Socket
2018-07-11 22:03:03 INFO: No Socket
2018-07-11 22:03:03 INFO: No Socket
2018-07-11 22:03:03 INFO: No Socket
2018-07-11 22:03:03 INFO: No Socket
2018-07-11 22:03:03 INFO: No Socket
2018-07-11 22:03:03 INFO: No Socket
2018-07-11 22:03:03 INFO: No Socket
2018-07-11 22:03:03 INFO: deque([], maxlen=300)
2018-07-11 22:03:22 INFO: Wait...
2018-07-11 22:03:22 INFO: No Socket
2018-07-11 22:03:23 INFO: 1 2
2018-07-11 22:03:23 INFO: 1 {'id': 300253651, 'side': 'BUY', 'price': 723442, 'size': 0.065317, 'exec_date': '2018-07-11T13:03:23.7252091Z', 'buy_child_order_acceptance_id': 'JRF20180711-130323-582672', 'sell_child_order_acceptance_id': 'JRF20180711-130323-400948'}
2018-07-11 22:03:25 INFO: 2 42
2018-07-11 22:03:25 INFO: 2 {'id': 300253691, 'side': 'SELL', 'price': 723444, 'size': 0.01952473, 'exec_date': '2018-07-11T13:03:25.6938825Z', 'buy_child_order_acceptance_id': 'JRF20180711-130325-759912', 'sell_child_order_acceptance_id': 'JRF20180711-130325-405457'}
2018-07-11 22:03:27 INFO: 3 55
2018-07-11 22:03:27 INFO: 3 {'id': 300253704, 'side': 'SELL', 'price': 723412, 'size': 0.053, 'exec_date': '2018-07-11T13:03:27.631306Z', 'buy_child_order_acceptance_id': 'JRF20180711-130325-462738', 'sell_child_order_acceptance_id': 'JRF20180711-130327-990685'}
2018-07-11 22:03:29 INFO: 4 72
2018-07-11 22:03:29 INFO: 4 {'id': 300253722, 'side': 'BUY', 'price': 723452, 'size': 0.106, 'exec_date': '2018-07-11T13:03:29.6781031Z', 'buy_child_order_acceptance_id': 'JRF20180711-130329-003008', 'sell_child_order_acceptance_id': 'JRF20180711-130325-847525'}
2018-07-11 22:03:31 INFO: 5 102
2018-07-11 22:03:31 INFO: 5 {'id': 300253752, 'side': 'BUY', 'price': 723457, 'size': 0.1, 'exec_date': '2018-07-11T13:03:31.881142Z', 'buy_child_order_acceptance_id': 'JRF20180711-130331-795898', 'sell_child_order_acceptance_id': 'JRF20180711-130331-003014'}
2018-07-11 22:03:33 INFO: 6 209
2018-07-11 22:03:33 INFO: 6 {'id': 300253859, 'side': 'SELL', 'price': 723288, 'size': 0.08, 'exec_date': '2018-07-11T13:03:33.9591895Z', 'buy_child_order_acceptance_id': 'JRF20180711-130333-795904', 'sell_child_order_acceptance_id': 'JRF20180711-130333-016152'}
2018-07-11 22:03:35 INFO: 7 225
2018-07-11 22:03:35 INFO: 7 {'id': 300253875, 'side': 'SELL', 'price': 723314, 'size': 0.05907402, 'exec_date': '2018-07-11T13:03:35.4278824Z', 'buy_child_order_acceptance_id': 'JRF20180711-130334-285057', 'sell_child_order_acceptance_id': 'JRF20180711-130335-307392'}
2018-07-11 22:03:37 INFO: 8 280
2018-07-11 22:03:37 INFO: 8 {'id': 0, 'side': 'SELL', 'price': 723326, 'size': 0.08, 'exec_date': '2018-07-11T13:03:37.6777961Z', 'buy_child_order_acceptance_id': 'JRF20180711-130336-003040', 'sell_child_order_acceptance_id': 'JRF20180711-130337-003043'}
2018-07-11 22:03:39 INFO: 9 300
2018-07-11 22:03:39 INFO: 9 {'id': 300253957, 'side': 'BUY', 'price': 723424, 'size': 0.05, 'exec_date': '2018-07-11T13:03:39.818341Z', 'buy_child_order_acceptance_id': 'JRF20180711-130339-795918', 'sell_child_order_acceptance_id': 'JRF20180711-130338-003047'}
2018-07-11 22:03:41 INFO: 10 300
2018-07-11 22:03:41 INFO: 10 {'id': 300254001, 'side': 'BUY', 'price': 723448, 'size': 0.02, 'exec_date': '2018-07-11T13:03:41.9745054Z', 'buy_child_order_acceptance_id': 'JRF20180711-130341-401097', 'sell_child_order_acceptance_id': 'JRF20180711-130341-795929'}
2018-07-11 22:03:43 INFO: 11 300
2018-07-11 22:03:43 INFO: 11 {'id': 300254022, 'side': 'SELL', 'price': 723457, 'size': 0.01, 'exec_date': '2018-07-11T13:03:43.9119319Z', 'buy_child_order_acceptance_id': 'JRF20180711-130343-582811', 'sell_child_order_acceptance_id': 'JRF20180711-130343-124420'}
2018-07-11 22:03:45 INFO: 12 300
2018-07-11 22:03:45 INFO: 12 {'id': 300254043, 'side': 'SELL', 'price': 723466, 'size': 0.19, 'exec_date': '2018-07-11T13:03:44.8181475Z', 'buy_child_order_acceptance_id': 'JRF20180711-130344-007095', 'sell_child_order_acceptance_id': 'JRF20180711-130344-582829'}
2018-07-11 22:03:47 INFO: 13 300
2018-07-11 22:03:47 INFO: 13 {'id': 300254072, 'side': 'BUY', 'price': 723500, 'size': 0.47955055, 'exec_date': '2018-07-11T13:03:47.9117778Z', 'buy_child_order_acceptance_id': 'JRF20180711-130347-990752', 'sell_child_order_acceptance_id': 'JRF20180711-130321-678444'}
2018-07-11 22:03:49 INFO: 14 300
2018-07-11 22:03:49 INFO: 14 {'id': 300254118, 'side': 'BUY', 'price': 723599, 'size': 0.06103, 'exec_date': '2018-07-11T13:03:49.8335795Z', 'buy_child_order_acceptance_id': 'JRF20180711-130349-207936', 'sell_child_order_acceptance_id': 'JRF20180711-130349-560184'}
2018-07-11 22:03:51 INFO: 15 300
2018-07-11 22:03:51 INFO: 15 {'id': 300254126, 'side': 'SELL', 'price': 723548, 'size': 0.245, 'exec_date': '2018-07-11T13:03:51.1616551Z', 'buy_child_order_acceptance_id': 'JRF20180711-130349-990759', 'sell_child_order_acceptance_id': 'JRF20180711-130351-179087'}
2018-07-11 22:03:53 INFO: 16 300
2018-07-11 22:03:53 INFO: 16 {'id': 300254152, 'side': 'BUY', 'price': 723518, 'size': 0.05, 'exec_date': '2018-07-11T13:03:53.8959242Z', 'buy_child_order_acceptance_id': 'JRF20180711-130353-207977', 'sell_child_order_acceptance_id': 'JRF20180711-130353-016187'}
2018-07-11 22:03:55 INFO: 17 300
2018-07-11 22:03:55 INFO: 17 {'id': 0, 'side': 'BUY', 'price': 723564, 'size': 0.02, 'exec_date': '2018-07-11T13:03:55.7396022Z', 'buy_child_order_acceptance_id': 'JRF20180711-130355-795971', 'sell_child_order_acceptance_id': 'JRF20180711-130352-582886'}
2018-07-11 22:03:57 INFO: 18 300
2018-07-11 22:03:57 INFO: 18 {'id': 300254184, 'side': 'BUY', 'price': 723554, 'size': 0.01, 'exec_date': '2018-07-11T13:03:56.8801832Z', 'buy_child_order_acceptance_id': 'JRF20180711-130356-124502', 'sell_child_order_acceptance_id': 'JRF20180711-130356-678513'}
